<?xml version="1.0" encoding="UTF-8"?><collection xmlns="http://www.loc.gov/MARC21/slim"><record><leader>00478nam--2200133-i-4500</leader><controlfield tag="001">000004795</controlfield><controlfield tag="002">20161230</controlfield><controlfield tag="005">20161230201026</controlfield><controlfield tag="008">060222s1000------------r-----000-0-eng-d</controlfield><datafield ind1=" " ind2=" " tag="100"><subfield code="a">Baptista, A.M., Ramalho, A.J.G., Fernandes, M</subfield></datafield><datafield ind1=" " ind2=" " tag="245"><subfield code="a">Photoradiochromatography - method for the stu dy of chromatograms with radioactive substance</subfield></datafield><datafield ind1=" " ind2=" " tag="260"><subfield code="a">New York, Pergamon Press Ltd., 1959. 4 P., + 5 Fig</subfield></datafield><datafield ind1=" " ind2=" " tag="490"><subfield code="a">Extras Din  Intern J.Of Applied Radiation An Isotopes</subfield></datafield><datafield ind1=" " ind2=" " tag="852"><subfield code="a">6530</subfield></datafield></record></collection>